@ARTICLE{nirPrinciple:izzetoglu,
	AUTHOR = {Izzetoglu, M. and Bunce, S. C. and Izzetoglu, K. and Onaral, B. and Pourrezaei, K.},
	TITLE = "Functional brain imaging using near-infrared technology",
	JOURNAL = {IEEE Engineering in Medicine and Biology Magazine},
	VOLUME = {26},
	NUMBER = {4},
	PAGES = {38},
	YEAR = {2007}	
}

@inproceedings{shi2007galvanic,
  title={{Galvanic skin response (GSR) as an index of cognitive load}},
  author={Shi, Yu and Ruiz, Natalie and Taib, Ronnie and Choi, Eric and Chen, Fang},
  booktitle={CHI'07 extended abstracts on Human factors in computing systems},
  pages={2651-2656},
  year={2007},
  organization={ACM}
}

@inproceedings{campbell2010neurophone,
  title={{NeuroPhone: brain-mobile phone interface using a wireless EEG headset}},
  author={Campbell, Andrew and Choudhury, Tanzeem and Hu, Shaohan and Lu, Hong and Mukerjee, Matthew K and Rabbi, Mashfiqui and Raizada, Rajeev DS},
  booktitle={Proceedings of the second ACM SIGCOMM workshop on Networking, systems, and applications on mobile handhelds},
  pages={3-8},
  year={2010},
  organization={ACM}
}

@inproceedings{pike2012cues,
  title={{CUES: Cognitive Usability Evaluation System}},
  author={Pike, Matthew and Wilson, Max L and Divoli, Anna and Medelyan, Alyona},
  longbooktitle={2nd European Workshop on Human-Computer Interaction and Information Retrieval (ML Wilson, T. Russell-Rose, B. Larsen, and J. Kalbach, eds.),(Nijmegen, The Netherlands)},
  booktitle={EuroHCIR2012},
  pages={51-54},
  year={2012}
}

@inproceedings{cutrell2008bci,
  title={{BCI for passive input in HCI}},
  author={Cutrell, Edward and Tan, Desney},
  booktitle={Proceedings of CHI},
  volume={8},
  pages={1-3},
  year={2008},
  organization={Citeseer}
}

@inproceedings{hirshfield2009brain,
  title={Brain measurement for usability testing and adaptive interfaces: an example of uncovering syntactic workload with functional near infrared spectroscopy},
  author={Hirshfield, Leanne M and Solovey, Erin Treacy and Girouard, Audrey and Kebinger, James and Jacob, Robert JK and Sassaroli, Angelo and Fantini, Sergio},
  longbooktitle={Proceedings of the SIGCHI Conference on Human Factors in Computing Systems},
  booktitle={Proc. CHI},
  pages={2185-2194},
  year={2009},
  organization={ACM}
}

@inproceedings{solovey2009using,
  title={{Using fNIRS brain sensing in realistic HCI settings: experiments and guidelines}},
  author={Solovey, Erin Treacy and Girouard, Audrey and Chauncey, Krysta and Hirshfield, Leanne M and Sassaroli, Angelo and Zheng, Feng and Fantini, Sergio and Jacob, Robert JK},
  longbooktitle={Proceedings of the 22nd annual ACM symposium on User interface software and technology},
  booktitle={Proc. UIST2009},
  pages={157-166},
  year={2009},
  organization={ACM}
}

@article{clark1991dual,
  title={Dual coding theory and education},
  author={Clark, James M and Paivio, Allan},
  journal={Educational psychology review},
  volume={3},
  number={3},
  pages={149-210},
  year={1991},
  publisher={Springer}
}

@article{atkinson1968human,
  title={Human memory: A proposed system and its control processes},
  author={Atkinson, Richard C and Shiffrin, Richard M},
  journal={The psychology of learning and motivation},
  volume={2},
  pages={89-195},
  year={1968}
}

@article{baddeley1974working,
  title={Working memory},
  author={Baddeley, Alan D and Hitch, GJ},
  journal={The psychology of learning and motivation},
  volume={8},
  pages={47-89},
  year={1974},
  publisher={Academic press New York}
}

@article{baddeley2002working,
  title={Is working memory still working?},
  author={Baddeley, Alan D},
  journal={European psychologist},
  volume={7},
  number={2},
  pages={85-97},
  year={2002},
  publisher={Hogrefe \& Huber}
}

@article{baddeley2000episodic,
  title={The episodic buffer: a new component of working memory?},
  author={Baddeley, Alan},
  journal={Trends in cognitive sciences},
  volume={4},
  number={11},
  pages={417-423},
  year={2000},
  publisher={Elsevier}
}

@book{wickens2004introduction,
  title={An introduction to human factors engineering},
  author={Wickens, Christopher D and Gordon, Sallie E and Liu, Yili},
  year={2004},
  publisher={Pearson Prentice Hall Upper Saddle River}
}

@article{wickens2008multiple,
  title={Multiple resources and mental workload},
  author={Wickens, Christopher D},
  journal={The Journal of the Human Factors and Ergonomics Society},
  volume={50},
  number={3},
  pages={449-455},
  year={2008},
  publisher={Sage Publications}
}

<<<<<<< HEAD
@article{baddeley1992working,
  title={Working memory},
  author={Baddeley, Alan},
  journal={Science},
  volume={255},
  number={5044},
  pages={556-559},
  year={1992},
  publisher={American Association for the Advancement of Science}
}

@article{miller1956magical,
  title={The magical number seven, plus or minus two: Some limits on our capacity for processing information},
  author={Miller, George},
  journal={The psychological review},
  volume={63},
  pages={81-97},
  year={1956}
}


@inproceedings{johocognitive,
  title={Cognitive Effects in Information Seeking and Retrieval},
  author={Joho, Hideo},
  booktitle={Proc. CIRSE2009},
  year={2009}
}

@article{bates1989design,
  title={The design of browsing and berrypicking techniques for the online search interface},
  author={Bates, Marcia J},
  journal={Online Information Review},
  volume={13},
  number={5},
  pages={407-424},
  year={1989},
  publisher={MCB UP Ltd}
}

@article{ingwersen1996cognitive,
  title={{Cognitive perspectives of information retrieval interaction: elements of a cognitive IR theory}},
  author={Ingwersen, Peter},
  journal={Journal of documentation},
  volume={52},
  number={1},
  pages={3-50},
  year={1996},
  publisher={MCB UP Ltd}
}

@article{bates1979idea,
  title={Idea tactics},
  author={Bates, Marcia J},
  longjournal={Journal of the American Society for Information Science},
  journal={JASIST},
  volume={30},
  number={5},
  pages={280-289},
  year={1979},
  publisher={Wiley Online Library}
}

@inproceedings{peck2013using,
  title={{Using fNIRS Brain Sensing to Evaluate Information Visualization Interfaces}},
  author={Peck, Evan M and Yuksel, Beste F and Ottley, Alvitta and Jacob, Robert JK and Chang, Remco},
  booktitle={CHI},
  publisher={ACM},
  year={2013}
}

@article{anderson2011user,
  title={{A user study of visualization effectiveness using EEG and cognitive load}},
  author={Anderson, Erik W and Potter, KC and Matzen, LE and Shepherd, JF and Preston, GA and Silva, CT},
  journal={Computer Graphics Forum},
  volume={30},
  number={3},
  pages={791-800},
  year={2011},
  organization={Wiley Online Library}
}

@inproceedings{solovey2012brainput,
  title={{Brainput: enhancing interactive systems with streaming fNIRs brain input}},
  author={Solovey, Erin and Schermerhorn, Paul and Scheutz, Matthias and Sassaroli, Angelo and Fantini, Sergio and Jacob, Robert},
  booktitle={CHI},
  pages={2193-2202},
  year={2012},
  organization={ACM}
}

@article{back2001model,
  title={{A model of cognitive load for IR: implications for user relevance feedback interaction}},
  author={Back, Jonathan and Oppenheim, Charles},
  journal={Information Research},
  volume={6},
  number={2},
  pages={6-2},
  year={2001},
  publisher={ACM}
}

@article{wilson2011evaluating,
  title={Evaluating the Cognitive Impact of Search User Interface Design Decisions},
  author={Wilson, Max L},
  journal={EuroHCIR 2011},
  pages={27-30},
  year={2011}
}

@article{gwizdka2010distribution,
  title={Distribution of cognitive load in web search},
  author={Gwizdka, Jacek},
  longjournal={Journal of the American Society for Information Science and Technology},
  journal={JASIST},
  volume={61},
  number={11},
  pages={2167-2187},
  year={2010},
  publisher={Wiley Online Library}
}

@inproceedings{moshfeghi2013understanding,
  title={{Understanding Relevance: An fMRI Study}},
  author={Moshfeghi, Yashar and Pinto, Luisa R and Pollick, Frank E and Jose, Joemon M},
  booktitle={Proc. ECIR2013},
  pages={14-25},
  year={2013},
  publisher={Springer}
}


@article{wilson2005evaluation,
  title={The definition and measurement of mental workload},
  author={Megaw, Ted},
  journal={Evaluation of human work, Eds. Esmond N. Corlett, and John R. Wilson},
  pages={525-551},
  year={2005},
  publisher={Taylor and Francis},
}

@article{toronov2007spatial,
  title={A spatial and temporal comparison of hemodynamic signals measured using optical and functional magnetic resonance imaging during activation in the human primary visual cortex},
  author={Toronov, Vladislav Y and Zhang, Xiaofeng and Webb, Andrew G},
  journal={Neuroimage},
  volume={34},
  number={3},
  pages={1136-1148},
  year={2007},
  publisher={Elsevier}
}

@article{herrmann2005near,
  title={Near-infrared optical topography to assess activation of the parietal cortex during a visuo-spatial task},
  author={Herrmann, MJ and Ehlis, A-C and Wagener, A and Jacob, CP and Fallgatter, AJ},
  journal={Neuropsychologia},
  volume={43},
  number={12},
  pages={1713-1720},
  year={2005},
  publisher={Elsevier}
}

@article{cui2011quantitative,
  title={{A quantitative comparison of {NIRS} and fMRI across multiple cognitive tasks}},
  author={Cui, Xu and Bray, Signe and Bryant, Daniel M and Glover, Gary H and Reiss, Allan L},
  journal={Neuroimage},
  volume={54},
  number={4},
  pages={2808-2821},
  year={2011},
  publisher={Elsevier}
}

@article{kirchner1958age,
  title={Age differences in short-term retention of rapidly changing information.},
  author={Kirchner, Wayne K},
  journal={Journal of experimental psychology},
  volume={55},
  number={4},
  pages={352},
  year={1958}
}

@article{hart1988development,
  title={Development of NASA-TLX (Task Load Index): Results of empirical and theoretical research},
  author={Hart, Sandra G and Staveland, Lowell E},
  journal={Human mental workload},
  year={1988},
  publisher={Amsterdam, Holland}
}

@book{tan2010brain,
  title={Brain-Computer Interfaces: applying our minds to human-computer interaction},
  author={Tan, Desney S and Nijholt, Anton},
  year={2010},
  publisher={Springer}
}

@inproceedings{mcdonald2013effect,
  title={The effect of global instructions on think-aloud testing},
  author={McDonald, Sharon and Petrie, Helen},
  booktitle={CHI},
  pages={2941-2944},
  year={2013},
  organization={ACM}
}

@article{PEBL,
  title={PEBL: The psychology experiment building language (Version 0.10).[Computer experiment programming language]},
  author={Mueller, ST},
  journal={Retrieved Nov},
  year={2012}
}


@article{kane2002role,
  title={The role of prefrontal cortex in working-memory capacity, executive attention, and general fluid intelligence: An individual-differences perspective},
  author={Kane, Michael J and Engle, Randall W},
  journal={Psychonomic bulletin \& review},
  volume={9},
  number={4},
  pages={637-671},
  year={2002},
  publisher={Springer}
}

@article{miller2001integrative,
  title={An integrative theory of prefrontal cortex function},
  author={Miller, Earl K and Cohen, Jonathan D},
  journal={Annual review of neuroscience},
  volume={24},
  number={1},
  pages={167-202},
  year={2001},
  publisher={Annual Reviews 4139 El Camino Way, PO Box 10139, Palo Alto, CA 94303-0139, USA}
}

@article{rushworth1997ventral,
  title={Ventral prefrontal cortex is not essential for working memory},
  author={Rushworth, Matthew FS and Nixon, Philip D and Eacott, Madeline J and Passingham, Richard E},
  journal={The Journal of Neuroscience},
  volume={17},
  number={12},
  pages={4829-4838},
  year={1997},
  publisher={Soc Neuroscience}
}
@article{gabrieli1998role,
  title={The role of left prefrontal cortex in language and memory},
  author={Gabrieli, John DE and Poldrack, Russell A and Desmond, John E},
  journal={Proceedings of the national Academy of Sciences},
  volume={95},
  number={3},
  pages={906-913},
  year={1998},
  publisher={National Acad Sciences}
}

@article{aron2004inhibition,
  title={Inhibition and the right inferior frontal cortex},
  author={Aron, Adam R and Robbins, Trevor W and Poldrack, Russell A},
  journal={Trends in cognitive sciences},
  volume={8},
  number={4},
  pages={170-177},
  year={2004},
  publisher={Elsevier}
}

@book{ericsson1985protocol,
  title={Protocol analysis},
  author={Ericsson, Karl Anders and Simon, Herbert Alexander},
  year={1985},
  publisher={MIT press}
}

@inproceedings{olmsted2010think,
  title={Think-aloud protocols: a comparison of three think-aloud protocols for use in testing data-dissemination web sites for usability},
  author={Olmsted-Hawala, Erica L and Murphy, Elizabeth D and Hawala, Sam and Ashenfelter, Kathleen T},
  Xbooktitle={Proceedings of the SIGCHI Conference on Human Factors in Computing Systems},
  booktitle={CHI},
  pages={2381-2390},
  year={2010},
  organization={ACM}
}

@book{dumas1999practical,
  title={A practical guide to usability testing},
  author={Dumas, Joseph S},
  year={1999},
  publisher={Intellect Books}
}

@article{hertzum2009scrutinising,
  title={Scrutinising usability evaluation: does thinking aloud affect behaviour and mental workload?},
  author={Hertzum, Morten and Hansen, Kristin D and Andersen, Hans HK},
  journal={Behaviour \& Information Technology},
  volume={28},
  number={2},
  pages={165-181},
  year={2009},
  publisher={Taylor \& Francis}
}

@article{landis1977measurement,
  title={The measurement of observer agreement for categorical data},
  author={Landis, J Richard and Koch, Gary G},
  journal={Biometrics},
  pages={159-174},
  year={1977},
  publisher={JSTOR}
}

@book{Biopac2013,
  title={fNIR Imager \& COBI Studio Manual},
  author={fNIR Devices LLC},
  year={2013},
  publisher={Biopac}
}

@article{braver1997parametric,
  title={A parametric study of prefrontal cortex involvement in human working memory},
  author={Braver, Todd S and Cohen, Jonathan D and Nystrom, Leigh E and Jonides, John and Smith, Edward E and Noll, Douglas C},
  journal={Neuroimage},
  volume={5},
  number={1},
  pages={49-62},
  year={1997},
  publisher={Elsevier}
}

@article{d1995neural,
  title={The neural basis of the central executive system of working memory},
  author={D'Esposito, Mark and Detre, John A and Alsop, David C and Shin, Robert K and Atlas, Scott and Grossman, Murray},
  journal={Nature},
  volume={378},
  number={6554},
  pages={279-281},
  year={1995},
  publisher={Nature Publishing Group}
}

@incollection{li2013novel,
  title={A Novel {HCI} System Based on Real-Time fMRI Using Motor Imagery Interaction},
  author={Li, Xiaofei and Xu, Lele and Yao, Li and Zhao, Xiaojie},
  booktitle={Foundations of Augmented Cognition},
  pages={703-708},
  year={2013},
  publisher={Springer}
}

@inproceedings{duvinage2012p300,
  title={A {P}300-based quantitative comparison between the {E}motiv {E}poc headset and a medical {EEG} device},
  author={Duvinage, Matthieu and Castermans, Thierry and Dutoit, Thierry and Petieau, M and Hoellinger, T and Saedeleer, CD and Seetharaman, K and Cheron, G},
  Xbooktitle={Proceedings of the IASTED International Conference Biomedical Engineering},
  booktitle={IASTED},
  year={2012}
}

@incollection{thurlings2010eeg,
  title={EEG-Based navigation from a human factors perspective},
  author={Thurlings, Marieke E and van Erp, Jan BF and Brouwer, Anne-Marie and Werkhoven, Peter J},
  booktitle={Brain-Computer Interfaces},
  pages={71-86},
  year={2010},
  publisher={Springer}
}

@article{leanne2009using,
  title={Using Brain Measurement to Evaluate Reality Based Interactions},
  author={Leanne, M and Robert, J},
  journal={Challenges in the Evaluation of Usability and User Experience in Reality Based Interaction},
  volume={5},
  pages={19-20},
  year={2009}
}

@article{villringer1993near,
  title={Near infrared spectroscopy ({NIRS}): a new tool to study hemodynamic changes during activation of brain function in human adults},
  author={Villringer, A and Planck, J and Hock, C and Schleinkofer, L and Dirnagl, U},
  journal={Neuroscience letters},
  volume={154},
  number={1},
  pages={101-104},
  year={1993},
  publisher={Elsevier}
}

@article{ye2009nirs,
  title={{NIRS-SPM}: statistical parametric mapping for near-infrared spectroscopy},
  author={Ye, Jong Chul and Tak, Sungho and Jang, Kwang Eun and Jung, Jinwook and Jang, Jaeduck},
  journal={Neuroimage},
  volume={44},
  number={2},
  pages={428-447},
  year={2009},
  publisher={Elsevier}
}

@article{mcdonald2012exploring,
  title={Exploring think-alouds in usability testing: an international survey},
  author={McDonald, Sharon and Edwards, Helen M and Zhao, Tingting},
  journal={Professional Communication, IEEE Transactions on},
  volume={55},
  number={1},
  pages={2-19},
  year={2012},
  publisher={IEEE}
}

@article{charters2013use,
  title={The Use of Think-aloud Methods in Qualitative Research An Introduction to Think-aloud Methods},
  author={Charters, Elizabeth},
  year={2013},
  journal={Brock Education},
  publisher={Brock University}
}

@article{toronov2001investigation,
 title={Investigation of human brain hemodynamics by simultaneous near-infrared spectroscopy and functional magnetic resonance imaging},
 author={Toronov, Vladislav and Webb, Andrew and Choi, Jee Hyun and Wolf, Martin and Michalos, Antoios and Gratton, Enrico and Hueber, Dennis},
 journal={Medical physics},
 volume={28},
 pages={521},
 year={2001}
}

@article{villringer1997non,
  title={Non-invasive optical spectroscopy and imaging of human brain function},
  author={Villringer, Arno and Chance, Britton},
  journal={Trends in neurosciences},
  volume={20},
  number={10},
  pages={435--442},
  year={1997},
  publisher={Elsevier}
}

@book{miles2001applying, title={Applying regression and correlation: A guide for students and researchers}, author={Miles, Jeremy and Shevlin, Mark}, year={2001}, publisher={Sage} }

@article{fadiga2009broca,
  title={Broca's area in language, action, and music},
  author={Fadiga, Luciano and Craighero, Laila and D’Ausilio, Alessandro},
  journal={Annals of the New York Academy of Sciences},
  volume={1169},
  number={1},
  pages={448--458},
  year={2009},
  publisher={Wiley Online Library}
}
